1218 1852
118.0 157.0 729.0 55.0 Scilicet, contra noſtram iniuſticiam, qui tudicabit

80.0 201.0 769.0 64.0 opera noſtræ impietatis in extremo iudicio· Certe ſiᛘ

76.0 250.0 771.0 66.0 iudicabit, iniuſte faciet, nam id ertt contra ſuum ho¬

74.0 305.0 768.0 55.0 norem· Dum peccauimus, non contra eum fecimus,

74.0 348.0 772.0 73.0 ſed pro etus honore· Iniuſtus equidem eſſet, ſi ob id

74.0 409.0 546.0 65.0 nos puniret, ex quo illi oritur gloria·

270.0 476.0 373.0 60.0 Humano more.

128.0 537.0 722.0 58.0 Temperat hanc blaſphemiam·q·d· carnalis hoᛘ

72.0 579.0 773.0 68.0 minis & impij hoc eſt argumentum· ABSIT·

75.0 634.0 471.0 65.0 Quaſi diceret: Blaſphemia eſt.

251.0 708.0 404.0 66.0 Nam quomodo.

231 90 559 54 EPIST· AD ROM·

801 124 40 0 17

138.0 1083.0 716.0 74.0 Etenim ſi ueritas Dei, per meũ

73.0 1154.0 312.0 68.0 mendacium.

122.0 767.0 724.0 61.0 Qui uult arguere alios, non debet ijs eſſe obno¬

70.0 815.0 764.0 64.0 xius, propter quæ alios arguit· Si hoc decet hominẽ

71 855 786 75 maxime Deum· Neceſſe eſt igitur eum irreprebenſi¬

68 908 789 68 bilem eſſe, qui alios uult damnare & iudicare· Sed

68 955 789 76 ne quis dubitet hoc eſſe argumentum carnale, ampli¬

75.0 1015.0 311.0 66.0 ficat ipſum, dicens·

862 894 197 3 Irreprehenſ¬

862 944 198 3 bilis ſit, qui

862 991 196 4 alios vuli ar¬

121.0 1224.0 724.0 65.0 Id eſt, peccatum (quod ante dixerat iniuſtitiam)

336.0 1286.0 243.0 62.0 Excelluit.

125.0 1342.0 721.0 72.0 Id eſt, glorioſa apparuit, ad hoc, ut ipſe inde

79.0 1395.0 224.0 72.0 glorificaretur·

279.0 1450.0 325.0 83.0 Quid iudicor.

862 1042 103 6 guere·

677 1517 70 72 92
