1226 1852
152.0 114.0 620.0 56.0 N EPIST. AD ROM.

68.0 184.0 767.0 59.0 quod homines exequuntur. Per hoc enim inuitantur

66.0 227.0 771.0 66.0 cætert, qui uocantur ad Chriſtum, ad cœnam illam

65.0 277.0 776.0 66.0 magnam, id eſt, Verbum Dei. Ex ijs facile intelli¬

69.0 328.0 778.0 68.0 ges, quomodo illud Chriſti intelligendum ſit, Multi

66.0 382.0 781.0 63.0 ſunt uocati &c· Deinde & illud Pauli, Quos uoca

64.0 432.0 781.0 62.0 uit, illos & iuſtificauit· Vocaticij itaq; ſumus, non

65.0 479.0 784.0 62.0 operarij:in uocatione, nõ in opere, eſt noſtra ſalus, cũ

65.0 530.0 780.0 69.0 dicat Chriſtus, Ego uos elegi, uos non elegiſtis me.

264.0 591.0 419.0 49.0 PERSCRIPTIO.

329.0 642.0 246.0 58.0 Omnibus

117.0 698.0 727.0 66.0 Scilicet ſcribo dilectis. Hoc dicit, ne quis ſibi me

72.0 751.0 227.0 62.0 ritum fingat·

800.0 122.0 24.0 54.0 "

273.0 809.0 370.0 60.0 Vocatis ſanctis.

125 868 718 61 Quaſi dicat. Nõ operãtibus, qui ſe nõ fecerunt

74 907 770 83 ſanctos ſuis operibus, uerũ ſancti facti ſunt per Deũ

866 848 191 93 Sãctiueri qu

237.0 976.0 470.0 60.0 Gratia uobis & pax.

129.0 1034.0 733.0 57.0 Hæc duo ubiq imprecatur. Nam non alijs indige

77 1077 784 69 mus præter hæc. Nam gratia fauor eſt, quo nobis be

78 1128 783 63 ne uult Deus. Pax autem eſt tranquillitas cõſcientiæ

82.0 1181.0 779.0 60.0 noſtræ erga Deũ: hæc in Deo, illa in nobis eſt: habe

82.0 1230.0 779.0 66.0 mus aũt iſta à Deo patre, non iudice, qui factus eſt no

85.0 1284.0 375.0 59.0 bis per Chriſtum pater.

869 1081 196 56 Gratie et pe

869 1134 196 66 cis diſcrimen¬

318.0 1339.0 282.0 62.0 Et domino.

138 1404 726 59 Hic uides quantum errarint, qui gratiam Dei ſuis

83 1443 781 72 meritis uoluerunt impetrare· Nam ſi gratia eſſet ex

81 1493 783 78 nritis, non eſſet gratia, ut patet Cap·4·A Deo

877 1389 194 78 Nulla gratia

877 1456 193 53 ex meritis no

878 1500 80 72 ſtris¬

1119.0 1099.0 45.0 78.0 00

1105 1151 24 71 E
