1183 1838
110 81 646 66 EPIST· AD ROM·

65 150 763 58 cant· Conſtat Deo iuſtitia uera, nõ hoibus, & Deus

64 195 767 62 illã laudat & probat, nõ mũdus, qui totus cõtra eam

65 242 765 66 inſanit, quẽadmodũ hodie uidemus, nã nihil eſt ipſi

65 293 762 69 Belial cũ Chriſto filio æterno Dei, qui eſt filius lucis·

270 418 402 50 CAP .III.

167 473 671 58 æc parerga ſunt, & digreßio quædã, in qua obᛘ

176 513 662 67 L I iectioni impiorũ reſpondet· Ex prædictis enim

60 568 778 65 aliquis potuiſſet inferre, Si Gentes æquãtur ludæis, erᛘ

64 617 774 64 go nihil ipſi habent prærogatiui præ illis, cũ Deus nõ

61 668 775 62 fecerit taliter omni nationi, elegit eos in facerdotiũ reᛘ

66 720 772 61 gale, & peculiariter eis cõmiſit Verbũ, igitur aut tu

66 775 769 57 impie doces, aut omnis Scriptura, quæ præfert Iudæos

68 823 675 59 Gentibus, eſt mendax·His reſpondet Paulus·

80 572 77 3 Gentibus, eſt mendax · Hisreſpondet Paulus ·

778 76 47 64 24

268 880 328 66 Quæ utilitas?

83 938 762 56 Scilicet præ Gentibus· MVLTVM· Reſpõdet

65 986 781 58 ad obiecta· Primu, iquit, eis promißiões diuiæ cõmiſſæ

72 1029 775 73 ſũt: magna hæc ẽ gratia, quã ſæpe Prophetæ decãtãt,

67 1081 780 69 quæ olim ludæis oſtenſa eſt, ut hodie nobis per Euanᛘ

70 1134 761 64 geliũ·Quia nõ poteſt fruſtra Verbũ Dei emitti, Eſa¬

845 1171 2 49 teſt emitti·

74 1185 766 61 55.ut maxime nõ oẽs illud ſuſcipiãt, et quẽadmodũ no

70 1236 771 60 ctu in tenebris nemo uidet, niſi ad candelã accenſam·

71 1286 772 58 Ita omnes nihil uidemus ſine Verbo Dei, quod uera eſt

72 1336 770 57 lucerna:et ſicut lucerna nõ omnibus eſt utilis, utpoteᛘ

72 1383 769 64 ſomnolentis & cæcis, ſed ſolũ euigilantibus: Sic Verᛘ

67 1435 774 62 bũ Det excæcatis et ceſſatoribus nihil prodeſt, ſed tanᛘ

66 1484 773 76 tũ ijs quilampadibus accenſis uocẽ ſponſi expectant·

850 1030 198 77 Verbum Dei

852 1093 194 74 fruſtra nõ poᛘ

850 1153 161 70 teſt emitti·
