1210 1873
427.0 119.0 628.0 61.0 COMMENT· POMER·

400.0 198.0 719.0 51.0 In tertio, infert eã propoſitioné, quæ eſt ſtatus, &

346.0 234.0 774.0 66.0 cardo Epiſtolæ, dicens: Ergo oẽs homines ſunt pec¬

346.0 285.0 775.0 62.0 catores· At hactenus de morbo dixit, mox ſubijcit

346.0 334.0 764.0 65.0 remedium, dicens: Vnam & ſolam eſſe iuſtitiam,

346.0 385.0 771.0 65.0 quæ eſt per fidem in Chriſtum · Proinde, ne quis hanc

344.0 433.0 767.0 67.0 iuſtitiam eſſe nouum quiddã, aut confictum à quoq,

344.0 486.0 771.0 62.0 dicit, ipſam teſtimoniũ habere ex lege & Prophetis·

388.0 545.0 729.0 55.0 In quarto, confirmat multis argumentis ex ſcriptuᛘ

341.0 584.0 603.0 64.0 ris petitis, hanc iuſtitiam per Chriſtum·

385.0 634.0 731.0 67.0 In quinto, qui ſit fructus, & quæ utilitas huius iu

339.0 685.0 780.0 67.0 ſtitiæ, oſtendit, nempe pax & gaudium conſcientiaᛘ

337.0 739.0 781.0 64.0 rum, antea peccato miſerrime adflictarum: quæ qui¬

336.0 785.0 781.0 68.0 dem nemo adſequitur, niſi per hanc iuſtitiam· Dein¬

339.0 835.0 776.0 71.0 de confert gratiæ & peccatt uim, dicens, plus poſſe

341.0 889.0 773.0 67.0 gratiam per Chriſtum, quàm peccatum per Adam·

384.0 938.0 733.0 68.0 In ſexto, ponit occupationem contra eos, qui ubi

335.0 989.0 781.0 65.0 audiunt ex peccato abundare gratiam, ſtatim infe¬

335.0 1039.0 780.0 66.0 runt fortiter, ergo peccabimus: & ut maxime id ore

334.0 1089.0 783.0 67.0 non dicant, tamen in corde ita ſentiunt· Pij uero gauᛘ

334.0 1137.0 782.0 66.0 dent ſe libertatem conſcientiæ adſecutos, nec aliud urᛘ

338.0 1190.0 780.0 65.0 gent, ut impij, qui tamen primi uolunt eſſe inter Chriᛘ

334.0 1237.0 782.0 67.0 ſtianos·Paulus reſpondet· Non eſt porrò peccandũ,

333.0 1290.0 786.0 67.0 quando aboletur peccatum: conſcientiarum pax

333.0 1339.0 779.0 63.0 eſt ibi, quod ad Deum, & non ad peccatum attinet,

333.0 1388.0 697.0 69.0 Spiritus enim ſemper aduerſus carnem pugnat·

375.0 1446.0 747.0 61.0 In ſeptimo docet, libere quiduis faciendum fore, ſiᛘ

329.0 1491.0 797.0 72.0 uetus Adam totus mortuus eſſet: at id dicit contra

270.0 172.0 54.0 53.0 III

242.0 550.0 79.0 56.0 IIII

281 653 40 72 V

265 924 48 68 VI

1046.0 1556.0 70.0 54.0 cos

243.0 1448.0 62.0 75.0 VII
