1000 1564
216 135 388 26 AD TIMOTHEVM CAP.

762 142 13 24 152

90 159 686 25 ceſſarij & vtdes proponi fines. Primò ſpectari oportet honorem Deidſiquidem eccle¬

90 172 689 34 ſię intereſt prouidere, vt Deo ſuus tribuatur honos, ac nemo eius nomen blaſphemet.

90 195 685 33 Secundò, quærenda eſt vtilitas eius qui peccauit, nempe vt culpam agnoſcat,at pœ

90 216 685 30 nitens redeat in viam, ſic́ eccleſiæ Dei rurſus inſeratur. Peruinet huc quodi ad ſ-o¬

91 238 689 32 rinth.5.mandat Apoſtolus, eum qui inceſtum cõmiſerat, Satanæ tradi, ad interitũ car¬

92 258 692 36 nis, quò ſpiritus ſaluus fieret in die Domini leſu: &2. ad Corint.2 vult. eũdem recipi in

94 278 685 37 gratiam. Tertiò ædificatio & vtilitas aliorum. Fit enim hoc pacto, vt cæteri & tuti red¬

93 301 683 32 dantur à contagio falſæ doctrinæ, quæ per falſos doctores inuehif, & ipſi peccata cõ¬

93 328 683 26 mittere abhorreant, ob́ ea parem vindictam ſciant in ſe exercendam. Cæterum ex

93 346 683 30 his diſcimus, primò maximoperè neceſſarium eſſe, vt miniſtri eccleſlarum, & quicun¬

94 366 682 31 què alij, quos Deus dignatus eſt dono prophetiæ ſiue vberiori cognitione verbi ſui

93 387 683 30 exornare: ſemper illi ſint in tenti, quo exfide & bona conſcientia doctrinam legis at¬

93 410 684 29 que Euangelij purè ſynceriter́ explanent. Erunt autem hac in parte diligentes, ſi

92 432 687 25 frequenter cogitarint hoc eſſe præceptum Dei, ac omninò Deum velle, vt ita faciant:

94 453 681 29 Nemo qui ſapit, contra Dei præceptum facere quicquam præſumet. Secundò id per¬

93 472 691 33 petuò ante oculos noſtros verſetur, quòd maxima eos maneant pericula, qui doctri¬

93 494 686 31 nam ſanam quocun modo audent corrumpere: Siquidem blaſphemi fiunt, & in

93 517 686 30 Deum ipſum iniurij: ſicut verba præſentia declarant. Dehinc naufragium in fide fa¬

94 541 685 26 ciunt: qua ratione non ſe modò, verumetiam alios innumeros in exitium pertrahunt

94 560 685 29 ſpirituale & æternum. Poſtremò, in iudicium & condemnationem incidunt San¬

96 582 683 29 ctę eccleſiæ Dei, quando nimirum traduntur ſatanæ. Tertiò, cum audimus etiam¬

96 603 683 26 num ætate Apoſtolorum quoſdam fœdè lapſos, admirari ac metuere debemus Dei

97 622 685 32 iudicium. Datum fuit illis audire ipſos Apoſtolos: conſpexerunt in eiſdem inau¬

96 647 681 27 dita Spiritus ſancti dona: viderunt miracula longè maxima: experiebantur Euan¬

97 668 682 26 gelij & eccleſiarum inſperatam propagationem : viderunt Sanctorum fortitudi¬

95 688 687 28 nem & conſtantiam in confeſsione veritatis ad mortem vſque: quin etiam ſen

96 707 687 30 ſerunt in ſemetipſis occultam quandam vim ſupernaturalium & ſpiritualium bo¬

95 731 689 26 norum: & tamen adhuc præcipitati ſunt in errores, abnegarunt, imô & impugna¬

96 753 689 27 runt agnitam ueritatem, Dei nomenſblaſphemarunt. Nimirùm hæc ſunt inſcruta¬

96 773 689 30 bilia Dei iudicia, quibus alios eligit, uocat, & ſeruat: alios uerò reprobat, excludit, ac

96 796 687 30 perdit. Qui igitur ſtant, timeant Deum, acuideant ne cadant. qui lapſi ſunt,

98 818 686 26 Deum orent, ut lerigere ipſos rurſus uelit. Secundò prouidebit interea unuſ¬

98 839 686 27 quiſque, ne cauſas lapſus ipſe in ſe foueat aut ſtabiliat, quæ ſunt increduli¬

99 860 685 28 tas & conſcientia non bona: quamdiu in nobis firmæ ſunt fides & bona conſci¬

101 877 680 36 entia, tamdiu ſperare debemus ſucceſſus & conſtantiam. Verùm quando hæ nu¬

100 898 676 34 tant, debilitãtur uel concidunt, errori & abnegationi ſumus proximi. Tertiò, quemac

100 924 679 29 modum tempore Apoſtolorum multi à ueritate Euangelij defecerunt, multi falſa do¬

100 941 685 33 gmata muexerunt at ſectas, ne tamen propterea fas erat iudicare, quòd Apoſtolo¬

99 966 686 28 rum doctrina ſiue Euangelium non eſſet ueritati innixum: ita & hoc tempore quam¬

97 985 688 32 uris audiamus diſsidia & offendicula quotidiè oriri, nonnullos ex his etſam, qui uerita¬

96 1004 690 38 tem Euangelij profitentur, mouere certamina: non tamen ſuſpectam habebimus aut

97 1027 686 35 damnabimus protinus doctrinam uniuerſam: ſed eam quæ pura eſt, atque cum lege,

93 1047 691 35 prophetis & Apoſtolis conſentit, prudenter diſtinguemus à fermento Phariſæorum,

95 1069 687 37 atque illam quidem conſtanter retinebimus, hoc uerò iubebimus ualere. Offendicula

98 1093 687 31 at hæreſes euenerunt & euenient omnib. temporibus, quò nimirum probetur fides

99 1115 686 35 electorum, & qui probati fuerint, manifeſti fiant: I.ad Corinth.11. 1.Petri.1. Nec cauſ¬

100 1133 688 40 ſa ulla erit ſufficiens, ut nutemus ac doctrinis uarijs & peregrinis circumferamur: ad

104 1154 684 41 Hebr. B. Quartò obſeruare nos decet: primò epiſcoporum & eorum qui pręſunt

100 1176 682 38 eccleſijs, officium eſſe, falſis doctoribus & quibuſcun auditoribus ſectarum in omni

100 1196 684 36 tempore obſiſtere, antequam plures per eos inficiantur. Secundò, diuerſa eſſe quæ¬

100 1220 685 37 renda remedia, quibus tantam rem prudenter aggrediantur: benignè audire, docere

101 1240 684 43 arguere, increpare, & nihil non facere oportet, quo malum reſecetur: Poſtremò

617 1276 64 49 8 2

721 1276 65 25 autem

785 152 78 32 Honor deis

783 194 62 26 2. Vilit.s

783 217 63 23 peccaius

780 264 85 28 AcdiEcatia

782 285 58 25 cierunt.

783 304 79 29 . Tioth.3.

783 328 78 22 1. Doctrina

783 345 81 27 legis & Euã

783 366 81 27 ge.iſ purè tra

783 387 80 24 dendi in ec¬

782 410 40 26 doia.

780 450 82 19 I. Periculo¬

780 477 84 27 lo quuécer¬

780 461 7 29 4

781 497 63 28 rumpere.

781 520 82 27 LElaſpbemia,

782 543 81 25 2. Naufragil̃

782 563 80 24 circa fidem.

782 582 79 27 3. Iudiciũ ec¬

781 603 45 24 deſie.

779 622 85 30 Ill Exemplo

780 641 83 24 & malo alie

782 659 82 24 n0 debemus

786 676 45 39 lapere.

779 879 86 28 Cauſa erro¬

782 897 80 29 ris & abne¬

784 917 62 32 gaionis..

784 1144 78 29 311. Oßeii

782 1169 74 29 e piſcoporuς
